3232 5182
380 369 562 443 umucrruos
578 392 714 444 nosrnru
729 395 854 446 iurans
870 399 1006 450 annonas
1210 398 1247 455 ut

614 643 651 740 p.
681 643 725 718 n.

418 890 685 967 Rctlooclt'smcs
711 891 911 969 moderator.

152 1141 242 1219 lllll.
271 1141 389 1234 Quum
414 1145 497 1218 ratio
530 1143 679 1216 bumana
704 1144 769 1236 ipsi
795 1143 953 1236 religioni
977 1148 1231 1242 aequiparetur,

97 1269 226 1342 iccirco
263 1266 472 1360 theologicae
503 1265 703 1363 disciplinae
736 1267 878 1362 perinde
910 1288 950 1342 ac
981 1271 1236 1367 philosophicae

97 1391 299 1466 tractandae
325 1399 414 1466 sunt.

160 1515 252 1573 Alloc.
265 1515 411 1589 Stapatori
423 1514 543 1589 quodam
551 1513 663 1587 perfusi
675 1515 692 1572 9
706 1514 865 1574 decembris
879 1514 950 1574 185t
962 1517 1040 1592 (pop.
1054 1517 1128 1591 129.)

152 1641 209 1714 lll.
238 1639 362 1716 Omnia
378 1625 674 1716 indiscriminatim
701 1641 860 1734 dogmata
885 1643 1061 1736 religionis
1082 1646 1235 1720 christia-

98 1787 169 1841 nae
193 1775 269 1842 sunt
298 1767 468 1841 obiectum
502 1765 665 1839 naturalis
695 1767 854 1841 scientiae
884 1789 944 1842 seu
975 1769 1228 1865 philosophiae;

97 1897 136 1966 et
160 1892 305 1965 humana
330 1894 415 1965 ratio
441 1892 599 1965 historice
633 1896 762 1964 tantum
788 1891 922 1965 exculta
954 1899 1062 1987 potest
1092 1915 1136 1966 ex
1161 1895 1233 1968 suis

96 2017 311 2097 naturatibus
339 2017 472 2090 viribus
507 2024 540 2091 et
570 2017 745 2113 principiis
775 2015 819 2089 ad
852 2037 968 2089 veram
999 2016 1041 2090 de
1073 2019 1233 2092 omnibus

97 2143 203 2216 etiam
244 2142 528 2216 reconditiorihus
565 2141 779 2234 dogmatibus
816 2141 991 2214 scientiam
1029 2144 1227 2237 pervenire,

96 2265 204 2338 modo
228 2265 312 2338 haec
336 2265 491 2358 dogmata
516 2266 581 2361 ipsi
606 2265 729 2339 rationi
756 2272 927 2362 tamquam
957 2266 1126 2340 obiectum
1152 2288 1231 2362 pro-

96 2388 212 2484 posita
237 2388 372 2462 luerint.

158 2511 247 2583 Epist.
261 2510 297 2568 ad
309 2512 437 2584 Archiep.
449 2511 569 2585 Erising.
581 2511 763 2571 Grauissimcs
776 2511 808 2569 11
825 2511 1061 2570 decembr1s1862
1075 2512 1152 2585 (pop.
1161 2510 1235 2584 219.)

157 2607 248 2681 Epist.
262 2608 299 2664 ad
312 2607 437 2666 cumdem
453 2609 523 2668 Tuas
537 2609 651 2666 libenter
662 2609 696 2665 21
713 2608 873 2666 decembris
883 2608 953 2665 1863
970 2608 1045 2682 (pop.
1060 2607 1133 2680 212.)

147 2732 190 2806 X.
220 2732 333 2825 Quum
359 2735 449 2810 aliud
475 2738 518 2812 sit
535 2737 767 2833 philosophus,
796 2735 890 2810 aliud
915 2735 1139 2833 philosophia,
1169 2735 1227 2812 ille

91 2860 151 2933 ius
175 2866 208 2933 et
225 2860 372 2934 officium
396 2862 498 2936 habet
522 2882 558 2934 se
576 2860 795 2936 submittendi
819 2862 1020 2952 auctoritati,
1050 2881 1152 2957 quam
1169 2882 1227 2937 ve·

91 3004 171 3058 ram
197 2987 268 3080 ipse
293 2987 506 3081 probaverit3
535 2992 569 3060 at
593 2986 809 3082 philosophia
833 3005 944 3080 neque
961 2992 1087 3080 potest,
1116 3005 1228 3082 neque

93 3109 201 3184 debet
224 3110 286 3184 ulli
311 3133 385 3186 sese
411 3111 608 3184 submittere
634 3111 836 3185 auctoritati.

155 3233 245 3305 Epist.
260 3233 295 3292 ad
307 3234 438 3308 Archiep.
450 3234 570 3306 Erising.
581 3232 761 3292 Grooisrtrncc
771 3232 803 3290 11
815 3231 974 3290 decembris
985 3229 1055 3289 1862
1068 3230 1145 3305 (pop.
1157 3230 1230 3305 219.)

155 3330 242 3404 Epist.
256 3331 293 3388 ad
307 3331 437 3390 eumdem
452 3331 524 3390 Tuos
537 3330 653 3389 libenter
665 3330 699 3388 21
714 3329 872 3389 decembris
886 3328 954 3388 1863
970 3330 1046 3404 (pop.
1059 3327 1133 3403 212.)

147 3457 205 3531 ill.
232 3459 382 3534 Ecclesia
399 3481 466 3534 non
491 3458 602 3533 solum
619 3479 688 3532 non
714 3458 814 3533 debet
839 3461 874 3532 in
892 3455 1141 3554 philosophiam
1167 3479 1230 3532 un·

94 3601 203 3676 quam
228 3585 511 3676 animadvertere,
546 3585 792 3659 verumetiam
818 3583 919 3659 debet
944 3584 1051 3678 ipsius
1084 3583 1231 3679 philoso

92 3704 201 3801 phiae
226 3706 366 3782 tolerare
392 3728 525 3783 errores
550 3710 652 3804 eique
685 3707 900 3804 relinquere,
927 3714 966 3782 ut
997 3709 1071 3803 ipsa
1095 3727 1133 3782 se
1157 3726 1231 3780 cor·

92 3830 200 3924 rigat.

153 3953 242 4029 Epist.
257 3956 293 4013 ad
305 3955 437 4030 brchiep.
447 3955 567 4032 Erising.
579 3955 761 4015 maltacena
774 3954 807 4012 11
822 3951 982 4012 decembris
992 3949 1061 4008 1862
1073 3949 1150 4026 (pop.
1161 3951 1236 4027 219.)
1275 4020 1278 4025 ,

142 4081 219 4157 llll.
247 4081 461 4181 Apostolicae
477 4081 594 4175 Sedis,
616 4099 901 4176 romanarumque
918 4075 1227 4175 Congregationum

95 4206 238 4282 decreta
260 4207 409 4283 liberum
434 4210 592 4283 scientiae
617 4227 836 4306 progressum
861 4205 1063 4301 impediunt.

155 4330 245 4404 Epist.
260 4330 297 4389 ad
310 4331 440 4406 hrchiep.
453 4330 573 4406 Erising.
591 4329 662 4390 Tace
677 4328 794 4389 lttcctcr
806 4328 840 4388 21
856 4327 920 4388 dec.
935 4327 1006 4387 1863
1021 4325 1185 4402 (popili.)
