<?xml version="1.0" encoding="UTF-8"?>
<!DOCTYPE html PUBLIC "-//W3C//DTD XHTML 1.0 Transitional//EN"
    "http://www.w3.org/TR/xhtml1/DTD/xhtml1-transitional.dtd">
<html xmlns="http://www.w3.org/1999/xhtml" xml:lang="en" lang="en">
 <head>
  <title>
</title>
<meta http-equiv="Content-Type" content="text/html;charset=utf-8" />
  <meta name='ocr-system' content='tesseract 3.04.00' />
  <meta name='ocr-capabilities' content='ocr_page ocr_carea ocr_par ocr_line ocrx_word'/>
</head>
<body>
  <div class='ocr_page' id='page_1' title='image "actassdnpiippix00piusgoog_0072.png"; bbox 0 0 3232 5182; ppageno 0'>
   <div class='ocr_carea' id='block_1_1' title="bbox 547 260 1385 359">
    <p class='ocr_par' dir='ltr' id='par_1_1' title="bbox 547 260 1385 359">
     <span class='ocr_line' id='line_1_1' title="bbox 547 260 1385 359; baseline 0.002 -3"><span class='ocrx_word' id='word_1_1' title='bbox 547 309 553 349; x_wconf 71' lang='grc' dir='ltr'>ι</span> <span class='ocrx_word' id='word_1_2' title='bbox 666 288 708 356; x_wconf 75' lang='lat'>20</span> <span class='ocrx_word' id='word_1_3' title='bbox 725 306 842 356; x_wconf 81' lang='lat' dir='ltr'>arnrnrs</span> <span class='ocrx_word' id='word_1_4' title='bbox 860 286 959 355; x_wconf 81' lang='lat' dir='ltr'>tato.</span> <span class='ocrx_word' id='word_1_5' title='bbox 1342 260 1385 359; x_wconf 78' lang='grc'>39</span> 
     </span>
    </p>
   </div>
   <div class='ocr_carea' id='block_1_2' title="bbox 227 428 1466 4436">
    <p class='ocr_par' dir='ltr' id='par_1_2' title="bbox 232 428 1387 638">
     <span class='ocr_line' id='line_1_2' title="bbox 232 428 1387 522; baseline -0.007 -16"><span class='ocrx_word' id='word_1_6' title='bbox 232 439 327 516; x_wconf 84' lang='lat' dir='ltr'>sunt,</span> <span class='ocrx_word' id='word_1_7' title='bbox 355 452 430 502; x_wconf 92' lang='lat' dir='ltr'>cum</span> <span class='ocrx_word' id='word_1_8' title='bbox 445 431 642 522; x_wconf 89' lang='lat' dir='ltr'>praesertim</span> <span class='ocrx_word' id='word_1_9' title='bbox 657 449 821 518; x_wconf 90' lang='lat' dir='ltr'>supremus</span> <span class='ocrx_word' id='word_1_10' title='bbox 838 428 963 498; x_wconf 92' lang='lat' dir='ltr'>illarum</span> <span class='ocrx_word' id='word_1_11' title='bbox 977 428 1094 498; x_wconf 86' lang='lat' dir='ltr'>Ductor</span> <span class='ocrx_word' id='word_1_12' title='bbox 1105 435 1106 439; x_wconf 75' lang='grc'>’</span> <span class='ocrx_word' id='word_1_13' title='bbox 1118 431 1152 498; x_wconf 90' lang='lat' dir='ltr'>in</span> <span class='ocrx_word' id='word_1_14' title='bbox 1168 429 1227 498; x_wconf 88' lang='lat' dir='ltr'>bac</span> <span class='ocrx_word' id='word_1_15' title='bbox 1242 450 1277 499; x_wconf 93' lang='lat' dir='ltr'>re</span> <span class='ocrx_word' id='word_1_16' title='bbox 1301 428 1387 500; x_wconf 87' lang='lat' dir='ltr'>baud</span> 
     </span>
     <span class='ocr_line' id='line_1_3' title="bbox 234 545 846 638; baseline -0.018 -17"><span class='ocrx_word' id='word_1_17' title='bbox 234 552 319 621; x_wconf 86' lang='lat' dir='ltr'>reete</span> <span class='ocrx_word' id='word_1_18' title='bbox 342 554 438 638; x_wconf 84' lang='lat' dir='ltr'>atquo</span> <span class='ocrx_word' id='word_1_19' title='bbox 456 545 624 615; x_wconf 89' lang='lat' dir='ltr'>honorifice</span> <span class='ocrx_word' id='word_1_20' title='bbox 644 562 679 612; x_wconf 93' lang='lat' dir='ltr'>se</span> <span class='ocrx_word' id='word_1_21' title='bbox 701 546 846 632; x_wconf 77' lang='lat' dir='ltr'>gesserit.</span> 
     </span>
    </p>

    <p class='ocr_par' dir='ltr' id='par_1_3' title="bbox 227 658 1466 4436">
     <span class='ocr_line' id='line_1_4' title="bbox 263 658 1388 754; baseline -0.003 -21"><span class='ocrx_word' id='word_1_22' title='bbox 263 665 384 754; x_wconf 84' lang='lat' dir='ltr'>&#39;Atque</span> <span class='ocrx_word' id='word_1_23' title='bbox 399 664 524 731; x_wconf 88' lang='lat' dir='ltr'>interim</span> <span class='ocrx_word' id='word_1_24' title='bbox 546 661 688 728; x_wconf 87' lang='lat' dir='ltr'>factionis</span> <span class='ocrx_word' id='word_1_25' title='bbox 705 658 915 727; x_wconf 73' lang='lat' dir='ltr'><strong>moderatores</strong></span> <span class='ocrx_word' id='word_1_26' title='bbox 937 660 1053 728; x_wconf 91' lang='lat' dir='ltr'>maiore</span> <span class='ocrx_word' id='word_1_27' title='bbox 1073 661 1104 728; x_wconf 92' lang='lat' dir='ltr'>in</span> <span class='ocrx_word' id='word_1_28' title='bbox 1121 659 1189 728; x_wconf 92' lang='lat' dir='ltr'>dies</span> <span class='ocrx_word' id='word_1_29' title='bbox 1205 660 1334 729; x_wconf 86' lang='lat' dir='ltr'>audacia</span> <span class='ocrx_word' id='word_1_30' title='bbox 1356 666 1388 730; x_wconf 90' lang='lat' dir='ltr'>et</span> 
     </span>
     <span class='ocr_line' id='line_1_5' title="bbox 234 772 1386 868; baseline -0.006 -19"><span class='ocrx_word' id='word_1_31' title='bbox 234 781 361 868; x_wconf 87' lang='lat' dir='ltr'>impetu·</span> <span class='ocrx_word' id='word_1_32' title='bbox 381 795 457 866; x_wconf 93' lang='lat' dir='ltr'>opus</span> <span class='ocrx_word' id='word_1_33' title='bbox 479 781 628 863; x_wconf 86' lang='lat' dir='ltr'>urgentes</span> <span class='ocrx_word' id='word_1_34' title='bbox 658 780 724 843; x_wconf 91' lang='lat' dir='ltr'>tum</span> <span class='ocrx_word' id='word_1_35' title='bbox 747 774 891 842; x_wconf 80' lang='lat' dir='ltr'>Nostram</span> <span class='ocrx_word' id='word_1_36' title='bbox 915 772 1104 856; x_wconf 79' lang='lat' dir='ltr'>Personam,</span> <span class='ocrx_word' id='word_1_37' title='bbox 1135 781 1200 844; x_wconf 91' lang='lat' dir='ltr'>tum</span> <span class='ocrx_word' id='word_1_38' title='bbox 1226 775 1303 844; x_wconf 93' lang='lat' dir='ltr'>alios</span> <span class='ocrx_word' id='word_1_39' title='bbox 1331 777 1386 864; x_wconf 92' lang='lat' dir='ltr'>qui</span> 
     </span>
     <span class='ocr_line' id='line_1_6' title="bbox 235 887 1386 976; baseline -0.003 -14"><span class='ocrx_word' id='word_1_40' title='bbox 235 893 350 963; x_wconf 85' lang='lat' dir='ltr'>Nostro</span> <span class='ocrx_word' id='word_1_41' title='bbox 373 889 545 960; x_wconf 78' lang='lat' dir='ltr'>adhaerent</span> <span class='ocrx_word' id='word_1_42' title='bbox 568 887 658 958; x_wconf 87' lang='lat' dir='ltr'>lateri</span> <span class='ocrx_word' id='word_1_43' title='bbox 683 887 830 956; x_wconf 86' lang='lat' dir='ltr'>horrendi</span> <span class='ocrx_word' id='word_1_44' title='bbox 857 888 1006 976; x_wconf 89' lang='lat' dir='ltr'>cuiusque</span> <span class='ocrx_word' id='word_1_45' title='bbox 1023 890 1148 975; x_wconf 83' lang='lat' dir='ltr'>generis</span> <span class='ocrx_word' id='word_1_46' title='bbox 1170 888 1333 958; x_wconf 90' lang='lat' dir='ltr'>calumniis</span> <span class='ocrx_word' id='word_1_47' title='bbox 1355 893 1386 959; x_wconf 90' lang='lat' dir='ltr'>et</span> 
     </span>
     <span class='ocr_line' id='line_1_7' title="bbox 227 989 1385 1092; baseline -0.002 -15"><span class='ocrx_word' id='word_1_48' title='bbox 227 1005 431 1078; x_wconf 83' lang='lat' dir='ltr'>contumeliis</span> <span class='ocrx_word' id='word_1_49' title='bbox 451 1005 590 1074; x_wconf 90' lang='lat' dir='ltr'>lacerare</span> <span class='ocrx_word' id='word_1_50' title='bbox 606 1024 667 1073; x_wconf 95' lang='lat' dir='ltr'>non</span> <span class='ocrx_word' id='word_1_51' title='bbox 684 1001 928 1072; x_wconf 73' lang='lat' dir='ltr'>intermittebant</span> <span class='ocrx_word' id='word_1_52' title='bbox 941 989 957 1085; x_wconf 83' lang='lat'>;¹</span> <span class='ocrx_word' id='word_1_53' title='bbox 976 1021 1013 1071; x_wconf 90' lang='lat' dir='ltr'>ae</span> <span class='ocrx_word' id='word_1_54' title='bbox 1028 1002 1079 1070; x_wconf 84' lang='lat' dir='ltr'>rel</span> <span class='ocrx_word' id='word_1_55' title='bbox 1095 1005 1172 1092; x_wconf 90' lang='lat' dir='ltr'>ipsis</span> <span class='ocrx_word' id='word_1_56' title='bbox 1189 1003 1385 1075; x_wconf 83' lang='lat' dir='ltr'>Sacrosanoli</span> 
     </span>
     <span class='ocr_line' id='line_1_8' title="bbox 235 1117 1383 1211; baseline -0.003 -19"><span class='ocrx_word' id='word_1_57' title='bbox 235 1120 403 1211; x_wconf 80' lang='lat' dir='ltr'>Evangelii</span> <span class='ocrx_word' id='word_1_58' title='bbox 416 1119 526 1190; x_wconf 83' lang='lat' dir='ltr'>uerbis</span> <span class='ocrx_word' id='word_1_59' title='bbox 541 1126 572 1190; x_wconf 91' lang='lat' dir='ltr'>et</span> <span class='ocrx_word' id='word_1_60' title='bbox 587 1120 750 1189; x_wconf 89' lang='lat' dir='ltr'>sententiis</span> <span class='ocrx_word' id='word_1_61' title='bbox 766 1119 883 1186; x_wconf 79' lang='lat' dir='ltr'>nefarie</span> <span class='ocrx_word' id='word_1_62' title='bbox 898 1117 985 1186; x_wconf 89' lang='lat' dir='ltr'>abuti</span> <span class='ocrx_word' id='word_1_63' title='bbox 1000 1137 1061 1186; x_wconf 95' lang='lat' dir='ltr'>non</span> <span class='ocrx_word' id='word_1_64' title='bbox 1077 1117 1279 1199; x_wconf 85' lang='lat' dir='ltr'>dubitabant,</span> <span class='ocrx_word' id='word_1_65' title='bbox 1301 1123 1335 1187; x_wconf 94' lang='lat' dir='ltr'>ut</span> <span class='ocrx_word' id='word_1_66' title='bbox 1351 1119 1383 1188; x_wconf 91' lang='lat' dir='ltr'>in</span> 
     </span>
     <span class='ocr_line' id='line_1_9' title="bbox 232 1231 1385 1322; baseline -0.003 -16"><span class='ocrx_word' id='word_1_67' title='bbox 232 1238 431 1307; x_wconf 82' lang='lat' dir='ltr'>uestimentis</span> <span class='ocrx_word' id='word_1_68' title='bbox 447 1237 570 1317; x_wconf 85' lang='lat' dir='ltr'>o&#39;rium,</span> <span class='ocrx_word' id='word_1_69' title='bbox 590 1254 662 1304; x_wconf 90' lang='lat' dir='ltr'>cum</span> <span class='ocrx_word' id='word_1_70' title='bbox 677 1235 870 1303; x_wconf 90' lang='lat' dir='ltr'>intrinsecus</span> <span class='ocrx_word' id='word_1_71' title='bbox 881 1233 943 1300; x_wconf 91' lang='lat' dir='ltr'>sint</span> <span class='ocrx_word' id='word_1_72' title='bbox 958 1231 1022 1320; x_wconf 89' lang='lat' dir='ltr'>lupi</span> <span class='ocrx_word' id='word_1_73' title='bbox 1039 1252 1183 1321; x_wconf 77' lang='lat' dir='ltr'>rapaces,</span> <span class='ocrx_word' id='word_1_74' title='bbox 1207 1234 1385 1322; x_wconf 91' lang='lat' dir='ltr'>imperitam</span> 
     </span>
     <span class='ocr_line' id='line_1_10' title="bbox 231 1345 1385 1439; baseline -0.004 -18"><span class='ocrx_word' id='word_1_75' title='bbox 231 1350 466 1422; x_wconf 84' lang='lat' dir='ltr'>multitudinem</span> <span class='ocrx_word' id='word_1_76' title='bbox 485 1352 526 1418; x_wconf 92' lang='lat' dir='ltr'>ad</span> <span class='ocrx_word' id='word_1_77' title='bbox 548 1369 647 1439; x_wconf 82' lang='lat' dir='ltr'>praua</span> <span class='ocrx_word' id='word_1_78' title='bbox 662 1367 803 1439; x_wconf 89' lang='lat' dir='ltr'>quaeque</span> <span class='ocrx_word' id='word_1_79' title='bbox 819 1366 926 1416; x_wconf 93' lang='lat' dir='ltr'>eorum</span> <span class='ocrx_word' id='word_1_80' title='bbox 942 1345 1071 1414; x_wconf 91' lang='lat' dir='ltr'>consilia</span> <span class='ocrx_word' id='word_1_81' title='bbox 1087 1353 1117 1415; x_wconf 93' lang='lat' dir='ltr'>et</span> <span class='ocrx_word' id='word_1_82' title='bbox 1132 1346 1291 1416; x_wconf 91' lang='lat' dir='ltr'>molimina</span> <span class='ocrx_word' id='word_1_83' title='bbox 1313 1368 1385 1436; x_wconf 89' lang='lat' dir='ltr'>per·</span> 
     </span>
     <span class='ocr_line' id='line_1_11' title="bbox 232 1448 1380 1555; baseline -0.008 -18"><span class='ocrx_word' id='word_1_84' title='bbox 232 1465 413 1547; x_wconf 86' lang='lat' dir='ltr'>traherent,</span> <span class='ocrx_word' id='word_1_85' title='bbox 440 1468 533 1555; x_wconf 89' lang='lat' dir='ltr'>atque</span> <span class='ocrx_word' id='word_1_86' title='bbox 555 1467 750 1553; x_wconf 85' lang='lat' dir='ltr'>incautorum</span> <span class='ocrx_word' id='word_1_87' title='bbox 772 1448 897 1536; x_wconf 76' lang='lat' dir='ltr'>mentes.</span> <span class='ocrx_word' id='word_1_88' title='bbox 916 1459 1001 1530; x_wconf 87' lang='lat' dir='ltr'>falsis</span> <span class='ocrx_word' id='word_1_89' title='bbox 1023 1460 1170 1553; x_wconf 83' lang='lat' dir='ltr'>doctrinis</span> <span class='ocrx_word' id='word_1_90' title='bbox 1195 1460 1380 1531; x_wconf 91' lang='lat' dir='ltr'>imbuerent.</span> 
     </span>
     <span class='ocr_line' id='line_1_12' title="bbox 232 1575 1384 1670; baseline -0.004 -18"><span class='ocrx_word' id='word_1_91' title='bbox 232 1579 358 1652; x_wconf 85' lang='lat' dir='ltr'>Subditi</span> <span class='ocrx_word' id='word_1_92' title='bbox 374 1594 450 1650; x_wconf 87' lang='lat' dir='ltr'>roro</span> <span class='ocrx_word' id='word_1_93' title='bbox 465 1579 628 1670; x_wconf 90' lang='lat' dir='ltr'>temporali</span> <span class='ocrx_word' id='word_1_94' title='bbox 644 1577 840 1668; x_wconf 82' lang='lat' dir='ltr'>Apostolioee</span> <span class='ocrx_word' id='word_1_95' title='bbox 857 1575 947 1645; x_wconf 87' lang='lat' dir='ltr'>Sedis</span> <span class='ocrx_word' id='word_1_96' title='bbox 964 1577 1089 1658; x_wconf 90' lang='lat' dir='ltr'>ditioni,</span> <span class='ocrx_word' id='word_1_97' title='bbox 1112 1583 1141 1646; x_wconf 89' lang='lat' dir='ltr'>et</span> <span class='ocrx_word' id='word_1_98' title='bbox 1158 1576 1254 1646; x_wconf 86' lang='lat' dir='ltr'>Nobis</span> <span class='ocrx_word' id='word_1_99' title='bbox 1272 1576 1384 1647; x_wconf 87' lang='lat' dir='ltr'>immo·</span> 
     </span>
     <span class='ocr_line' id='line_1_13' title="bbox 232 1682 1380 1796; baseline -0.003 -30"><span class='ocrx_word' id='word_1_100' title='bbox 232 1695 295 1766; x_wconf 93' lang='lat' dir='ltr'>bili</span> <span class='ocrx_word' id='word_1_101' title='bbox 314 1697 377 1765; x_wconf 90' lang='lat' dir='ltr'>tide</span> <span class='ocrx_word' id='word_1_102' title='bbox 399 1696 515 1766; x_wconf 88' lang='lat' dir='ltr'>addicti</span> <span class='ocrx_word' id='word_1_103' title='bbox 540 1698 661 1796; x_wconf 88' lang='lat' dir='ltr'>merito&#39;</span> <span class='ocrx_word' id='word_1_104' title='bbox 679 1701 772 1784; x_wconf 89' lang='lat' dir='ltr'>atque</span> <span class='ocrx_word' id='word_1_105' title='bbox 788 1695 902 1781; x_wconf 93' lang='lat' dir='ltr'>optimo</span> <span class='ocrx_word' id='word_1_106' title='bbox 919 1695 985 1762; x_wconf 91' lang='lat' dir='ltr'>iure</span> <span class='ocrx_word' id='word_1_107' title='bbox 1005 1692 1134 1762; x_wconf 84' lang='lat' dir='ltr'>aNobis</span> <span class='ocrx_word' id='word_1_108' title='bbox 1154 1682 1380 1784; x_wconf 81' lang='lat' dir='ltr'>exposcebant,</span> 
     </span>
     <span class='ocr_line' id='line_1_14' title="bbox 232 1808 1466 1904; baseline -0.002 -24"><span class='ocrx_word' id='word_1_109' title='bbox 232 1814 270 1881; x_wconf 92' lang='lat' dir='ltr'>ut</span> <span class='ocrx_word' id='word_1_110' title='bbox 291 1830 346 1880; x_wconf 90' lang='lat' dir='ltr'>eos</span> <span class='ocrx_word' id='word_1_111' title='bbox 371 1830 391 1879; x_wconf 90' lang='lat' dir='ltr'>a</span> <span class='ocrx_word' id='word_1_112' title='bbox 415 1816 458 1880; x_wconf 89' lang='lat' dir='ltr'>tot</span> <span class='ocrx_word' id='word_1_113' title='bbox 481 1811 700 1900; x_wconf 82' lang='lat' dir='ltr'>gravissimis,</span> <span class='ocrx_word' id='word_1_114' title='bbox 728 1809 841 1899; x_wconf 92' lang='lat' dir='ltr'>quibus</span> <span class='ocrx_word' id='word_1_115' title='bbox 863 1809 999 1900; x_wconf 93' lang='lat' dir='ltr'>undique</span> <span class='ocrx_word' id='word_1_116' title='bbox 1021 1808 1255 1898; x_wconf 89' lang='lat' dir='ltr'>premebantur,</span> <span class='ocrx_word' id='word_1_117' title='bbox 1283 1828 1383 1904; x_wconf 81' lang='lat' dir='ltr'>angu—</span> <span class='ocrx_word' id='word_1_118' title='bbox 1463 1830 1466 1835; x_wconf 90' lang='lat'>·</span> 
     </span>
     <span class='ocr_line' id='line_1_15' title="bbox 232 1923 1382 2016; baseline -0.002 -22"><span class='ocrx_word' id='word_1_119' title='bbox 232 1927 323 2008; x_wconf 90' lang='lat' dir='ltr'>stiis,</span> <span class='ocrx_word' id='word_1_120' title='bbox 352 1925 517 2016; x_wconf 89' lang='lat' dir='ltr'>perieulis,</span> <span class='ocrx_word' id='word_1_121' title='bbox 545 1923 775 1995; x_wconf 83' lang='lat' dir='ltr'>calamitatibus</span> <span class='ocrx_word' id='word_1_122' title='bbox 801 1931 832 1993; x_wconf 89' lang='lat' dir='ltr'>et</span> <span class='ocrx_word' id='word_1_123' title='bbox 856 1925 983 1993; x_wconf 92' lang='lat' dir='ltr'>iacturis</span> <span class='ocrx_word' id='word_1_124' title='bbox 1009 1926 1211 2013; x_wconf 83' lang='lat' dir='ltr'>eriperemus.</span> <span class='ocrx_word' id='word_1_125' title='bbox 1242 1923 1283 1992; x_wconf 88' lang='lat' dir='ltr'>Et</span> <span class='ocrx_word' id='word_1_126' title='bbox 1305 1942 1382 2013; x_wconf 93' lang='lat' dir='ltr'>quo-</span> 
     </span>
     <span class='ocr_line' id='line_1_16' title="bbox 231 2038 1385 2131; baseline -0.003 -20"><span class='ocrx_word' id='word_1_127' title='bbox 231 2042 316 2111; x_wconf 88' lang='lat' dir='ltr'>niam</span> <span class='ocrx_word' id='word_1_128' title='bbox 340 2041 480 2111; x_wconf 94' lang='lat' dir='ltr'>nonnulli</span> <span class='ocrx_word' id='word_1_129' title='bbox 506 2061 545 2111; x_wconf 84' lang='lat' dir='ltr'>ex</span> <span class='ocrx_word' id='word_1_130' title='bbox 565 2043 646 2131; x_wconf 89' lang='lat' dir='ltr'>ipsis</span> <span class='ocrx_word' id='word_1_131' title='bbox 668 2043 866 2130; x_wconf 91' lang='lat' dir='ltr'>reperiuntur</span> <span class='ocrx_word' id='word_1_132' title='bbox 890 2043 943 2129; x_wconf 93' lang='lat' dir='ltr'>qui</span> <span class='ocrx_word' id='word_1_133' title='bbox 967 2059 1024 2109; x_wconf 94' lang='lat' dir='ltr'>nos</span> <span class='ocrx_word' id='word_1_134' title='bbox 1045 2038 1141 2107; x_wconf 85' lang='lat' dir='ltr'>uoluti</span> <span class='ocrx_word' id='word_1_135' title='bbox 1162 2058 1287 2107; x_wconf 88' lang='lat' dir='ltr'>oausam</span> <span class='ocrx_word' id='word_1_136' title='bbox 1315 2039 1385 2124; x_wconf 86' lang='lat' dir='ltr'>(in-</span> 
     </span>
     <span class='ocr_line' id='line_1_17' title="bbox 232 2148 1382 2244; baseline -0.002 -20"><span class='ocrx_word' id='word_1_137' title='bbox 232 2173 366 2224; x_wconf 85' lang='lat' dir='ltr'>nocuam</span> <span class='ocrx_word' id='word_1_138' title='bbox 385 2155 477 2242; x_wconf 75' lang='lat' dir='ltr'>licet)</span> <span class='ocrx_word' id='word_1_139' title='bbox 503 2158 661 2226; x_wconf 88' lang='lat' dir='ltr'>tantarum</span> <span class='ocrx_word' id='word_1_140' title='bbox 685 2148 949 2244; x_wconf 85' lang='lat' dir='ltr'>perturbationum</span> <span class='ocrx_word' id='word_1_141' title='bbox 972 2156 1165 2244; x_wconf 92' lang='lat' dir='ltr'>suspiciunt,</span> <span class='ocrx_word' id='word_1_142' title='bbox 1192 2156 1305 2223; x_wconf 89' lang='lat' dir='ltr'>iccirco</span> <span class='ocrx_word' id='word_1_143' title='bbox 1328 2155 1382 2231; x_wconf 88' lang='lat' dir='ltr'>isti</span> 
     </span>
     <span class='ocr_line' id='line_1_18' title="bbox 229 2268 1381 2369; baseline 0.002 -31"><span class='ocrx_word' id='word_1_144' title='bbox 229 2268 487 2369; x_wconf 83' lang='lat' dir='ltr'>animadvertant</span> <span class='ocrx_word' id='word_1_145' title='bbox 506 2270 657 2354; x_wconf 80' lang='lat' dir='ltr'>uelimus,</span> <span class='ocrx_word' id='word_1_146' title='bbox 684 2270 747 2339; x_wconf 93' lang='lat' dir='ltr'>Nos</span> <span class='ocrx_word' id='word_1_147' title='bbox 769 2269 895 2361; x_wconf 94' lang='lat' dir='ltr'>quidem</span> <span class='ocrx_word' id='word_1_148' title='bbox 917 2277 954 2340; x_wconf 89' lang='lat' dir='ltr'>-ut</span> <span class='ocrx_word' id='word_1_149' title='bbox 979 2272 1113 2360; x_wconf 91' lang='lat' dir='ltr'>primum</span> <span class='ocrx_word' id='word_1_150' title='bbox 1139 2269 1179 2338; x_wconf 91' lang='lat' dir='ltr'>ad</span> <span class='ocrx_word' id='word_1_151' title='bbox 1203 2288 1381 2359; x_wconf 90' lang='lat' dir='ltr'>supremam</span> 
     </span>
     <span class='ocr_line' id='line_1_19' title="bbox 233 2383 1381 2475; baseline -0.001 -22"><span class='ocrx_word' id='word_1_152' title='bbox 233 2383 447 2475; x_wconf 71' lang='lat' dir='ltr'>apostolicam</span> <span class='ocrx_word' id='word_1_153' title='bbox 471 2383 582 2454; x_wconf 90' lang='lat' dir='ltr'>Sedem</span> <span class='ocrx_word' id='word_1_154' title='bbox 610 2386 710 2454; x_wconf 85' lang='lat' dir='ltr'>erecti</span> <span class='ocrx_word' id='word_1_155' title='bbox 737 2387 874 2468; x_wconf 87' lang='lat' dir='ltr'>luimus,</span> <span class='ocrx_word' id='word_1_156' title='bbox 905 2393 1048 2475; x_wconf 86' lang='lat' dir='ltr'>paternas</span> <span class='ocrx_word' id='word_1_157' title='bbox 1075 2386 1203 2454; x_wconf 86' lang='lat' dir='ltr'>Nostros</span> <span class='ocrx_word' id='word_1_158' title='bbox 1231 2405 1320 2454; x_wconf 87' lang='lat' dir='ltr'>ouras</span> <span class='ocrx_word' id='word_1_159' title='bbox 1350 2390 1381 2453; x_wconf 88' lang='lat' dir='ltr'>et</span> 
     </span>
     <span class='ocr_line' id='line_1_20' title="bbox 233 2498 1384 2590; baseline -0.003 -21"><span class='ocrx_word' id='word_1_160' title='bbox 233 2501 388 2582; x_wconf 82' lang='lat' dir='ltr'>consalia,</span> <span class='ocrx_word' id='word_1_161' title='bbox 413 2499 672 2590; x_wconf 88' lang='lat' dir='ltr'>quemadmodum</span> <span class='ocrx_word' id='word_1_162' title='bbox 691 2521 787 2590; x_wconf 91' lang='lat' dir='ltr'>supra</span> <span class='ocrx_word' id='word_1_163' title='bbox 803 2501 1048 2580; x_wconf 90' lang='lat' dir='ltr'>declaravimus,</span> <span class='ocrx_word' id='word_1_164' title='bbox 1075 2520 1111 2569; x_wconf 90' lang='lat' dir='ltr'>eo</span> <span class='ocrx_word' id='word_1_165' title='bbox 1128 2506 1210 2569; x_wconf 89' lang='lat' dir='ltr'>certe</span> <span class='ocrx_word' id='word_1_166' title='bbox 1230 2498 1384 2568; x_wconf 89' lang='lat' dir='ltr'>intendis-</span> 
     </span>
     <span class='ocr_line' id='line_1_21' title="bbox 234 2613 1384 2706; baseline -0.001 -23"><span class='ocrx_word' id='word_1_167' title='bbox 234 2636 290 2697; x_wconf 90' lang='lat' dir='ltr'>se,</span> <span class='ocrx_word' id='word_1_168' title='bbox 315 2623 352 2685; x_wconf 89' lang='lat' dir='ltr'>ut</span> <span class='ocrx_word' id='word_1_169' title='bbox 375 2614 554 2685; x_wconf 84' lang='lat' dir='ltr'>Pontifieiae</span> <span class='ocrx_word' id='word_1_170' title='bbox 568 2615 697 2686; x_wconf 89' lang='lat' dir='ltr'>Nostrae</span> <span class='ocrx_word' id='word_1_171' title='bbox 713 2616 839 2685; x_wconf 89' lang='lat' dir='ltr'>ditionis</span> <span class='ocrx_word' id='word_1_172' title='bbox 856 2614 991 2706; x_wconf 86' lang='lat' dir='ltr'>populos</span> <span class='ocrx_word' id='word_1_173' title='bbox 1004 2617 1087 2684; x_wconf 91' lang='lat' dir='ltr'>omni</span> <span class='ocrx_word' id='word_1_174' title='bbox 1103 2614 1204 2684; x_wconf 89' lang='lat' dir='ltr'>studio</span> <span class='ocrx_word' id='word_1_175' title='bbox 1224 2616 1257 2683; x_wconf 93' lang='lat' dir='ltr'>in</span> <span class='ocrx_word' id='word_1_176' title='bbox 1273 2613 1384 2683; x_wconf 90' lang='lat' dir='ltr'>melio-</span> 
     </span>
     <span class='ocr_line' id='line_1_22' title="bbox 233 2729 1382 2814; baseline 0.001 -15"><span class='ocrx_word' id='word_1_177' title='bbox 233 2749 304 2800; x_wconf 90' lang='lat' dir='ltr'>rem</span> <span class='ocrx_word' id='word_1_178' title='bbox 328 2730 537 2800; x_wconf 90' lang='lat' dir='ltr'>oonditionem</span> <span class='ocrx_word' id='word_1_179' title='bbox 560 2729 805 2814; x_wconf 89' lang='lat' dir='ltr'>adduceremus,</span> <span class='ocrx_word' id='word_1_180' title='bbox 832 2731 889 2800; x_wconf 90' lang='lat' dir='ltr'>sed</span> <span class='ocrx_word' id='word_1_181' title='bbox 913 2733 1108 2800; x_wconf 92' lang='lat' dir='ltr'>inimicorum</span> <span class='ocrx_word' id='word_1_182' title='bbox 1132 2733 1175 2800; x_wconf 85' lang='lat' dir='ltr'>ao&#39;</span> <span class='ocrx_word' id='word_1_183' title='bbox 1191 2729 1382 2801; x_wconf 58' lang='lat' dir='ltr'>turbulento*</span> 
     </span>
     <span class='ocr_line' id='line_1_23' title="bbox 234 2844 1382 2935; baseline -0.001 -19"><span class='ocrx_word' id='word_1_184' title='bbox 234 2865 304 2916; x_wconf 89' lang='lat' dir='ltr'>rum</span> <span class='ocrx_word' id='word_1_185' title='bbox 331 2844 494 2914; x_wconf 87' lang='lat' dir='ltr'>bominum</span> <span class='ocrx_word' id='word_1_186' title='bbox 521 2863 617 2935; x_wconf 90' lang='lat' dir='ltr'>opera</span> <span class='ocrx_word' id='word_1_187' title='bbox 643 2848 758 2915; x_wconf 84' lang='lat' dir='ltr'>iactum</span> <span class='ocrx_word' id='word_1_188' title='bbox 786 2865 875 2927; x_wconf 90' lang='lat' dir='ltr'>esse,</span> <span class='ocrx_word' id='word_1_189' title='bbox 902 2850 940 2914; x_wconf 70' lang='lat' dir='ltr'>&#39;ut</span> <span class='ocrx_word' id='word_1_190' title='bbox 972 2845 1102 2915; x_wconf 88' lang='lat' dir='ltr'>consilia</span> <span class='ocrx_word' id='word_1_191' title='bbox 1130 2845 1183 2916; x_wconf 90' lang='lat' dir='ltr'>illa</span> <span class='ocrx_word' id='word_1_192' title='bbox 1209 2847 1321 2917; x_wconf 80' lang='lat' dir='ltr'>Nostra</span> <span class='ocrx_word' id='word_1_193' title='bbox 1346 2847 1382 2915; x_wconf 89' lang='lat' dir='ltr'>in</span> 
     </span>
     <span class='ocr_line' id='line_1_24' title="bbox 234 2960 1379 3052; baseline -0.001 -22"><span class='ocrx_word' id='word_1_194' title='bbox 234 2962 358 3031; x_wconf 88' lang='lat' dir='ltr'>irritum</span> <span class='ocrx_word' id='word_1_195' title='bbox 382 2960 548 3043; x_wconf 88' lang='lat' dir='ltr'>oederent,</span> <span class='ocrx_word' id='word_1_196' title='bbox 576 2967 685 3030; x_wconf 88' lang='lat' dir='ltr'>contra</span> <span class='ocrx_word' id='word_1_197' title='bbox 700 2980 774 3030; x_wconf 84' lang='lat' dir='ltr'>vero</span> <span class='ocrx_word' id='word_1_198' title='bbox 796 2962 933 3030; x_wconf 84' lang='lat' dir='ltr'>iactio&#39;sis</span> <span class='ocrx_word' id='word_1_199' title='bbox 954 2964 1052 3051; x_wconf 90' lang='lat' dir='ltr'>ipsis,</span> <span class='ocrx_word' id='word_1_200' title='bbox 1079 2961 1145 3032; x_wconf 89' lang='lat' dir='ltr'>Deo</span> <span class='ocrx_word' id='word_1_201' title='bbox 1168 2965 1379 3052; x_wconf 87' lang='lat' dir='ltr'>permittente,</span> 
     </span>
     <span class='ocr_line' id='line_1_25' title="bbox 233 3074 1382 3166; baseline -0.003 -20"><span class='ocrx_word' id='word_1_202' title='bbox 233 3077 426 3164; x_wconf 79' lang='lat' dir='ltr'>contigisse,</span> <span class='ocrx_word' id='word_1_203' title='bbox 451 3081 487 3144; x_wconf 92' lang='lat' dir='ltr'>ut</span> <span class='ocrx_word' id='word_1_204' title='bbox 507 3074 548 3144; x_wconf 91' lang='lat' dir='ltr'>ad</span> <span class='ocrx_word' id='word_1_205' title='bbox 571 3075 688 3145; x_wconf 85' lang='lat' dir='ltr'>exitum</span> <span class='ocrx_word' id='word_1_206' title='bbox 712 3075 883 3166; x_wconf 88' lang='lat' dir='ltr'>perducere</span> <span class='ocrx_word' id='word_1_207' title='bbox 909 3083 1034 3165; x_wconf 90' lang='lat' dir='ltr'>possent</span> <span class='ocrx_word' id='word_1_208' title='bbox 1057 3080 1136 3166; x_wconf 84' lang='lat' dir='ltr'>qua&#39;e</span> <span class='ocrx_word' id='word_1_209' title='bbox 1156 3075 1285 3163; x_wconf 84' lang='lat' dir='ltr'>alonge</span> <span class='ocrx_word' id='word_1_210' title='bbox 1309 3079 1382 3143; x_wconf 89' lang='lat' dir='ltr'>aute</span> 
     </span>
     <span class='ocr_line' id='line_1_26' title="bbox 234 3187 1382 3282; baseline -0.003 -21"><span class='ocrx_word' id='word_1_211' title='bbox 234 3198 372 3282; x_wconf 88' lang='lat' dir='ltr'>tempore</span> <span class='ocrx_word' id='word_1_212' title='bbox 397 3189 500 3260; x_wconf 91' lang='lat' dir='ltr'>moliri</span> <span class='ocrx_word' id='word_1_213' title='bbox 527 3210 565 3260; x_wconf 91' lang='lat' dir='ltr'>ac</span> <span class='ocrx_word' id='word_1_214' title='bbox 589 3197 709 3260; x_wconf 90' lang='lat' dir='ltr'>tentare</span> <span class='ocrx_word' id='word_1_215' title='bbox 734 3191 878 3261; x_wconf 92' lang='lat' dir='ltr'>omnibus</span> <span class='ocrx_word' id='word_1_216' title='bbox 903 3190 1077 3282; x_wconf 91' lang='lat' dir='ltr'>quibusque</span> <span class='ocrx_word' id='word_1_217' title='bbox 1101 3189 1236 3259; x_wconf 90' lang='lat' dir='ltr'>malitiae</span> <span class='ocrx_word' id='word_1_218' title='bbox 1260 3187 1382 3259; x_wconf 82' lang='lat' dir='ltr'>aitibus</span> 
     </span>
     <span class='ocr_line' id='line_1_27' title="bbox 235 3303 1382 3398; baseline -0.001 -22"><span class='ocrx_word' id='word_1_219' title='bbox 235 3325 405 3397; x_wconf 92' lang='lat' dir='ltr'>munquam</span> <span class='ocrx_word' id='word_1_220' title='bbox 429 3304 625 3375; x_wconf 88' lang='lat' dir='ltr'>destiterant.</span> <span class='ocrx_word' id='word_1_221' title='bbox 656 3305 763 3398; x_wconf 91' lang='lat' dir='ltr'>ltaque</span> <span class='ocrx_word' id='word_1_222' title='bbox 779 3306 821 3375; x_wconf 68' lang='lat' dir='ltr'>‘id</span> <span class='ocrx_word' id='word_1_223' title='bbox 844 3310 969 3397; x_wconf 80' lang='lat' dir='ltr'>ipsum,</span> <span class='ocrx_word' id='word_1_224' title='bbox 997 3305 1079 3398; x_wconf 92' lang='lat' dir='ltr'>quod</span> <span class='ocrx_word' id='word_1_225' title='bbox 1103 3309 1165 3376; x_wconf 93' lang='lat' dir='ltr'>iam</span> <span class='ocrx_word' id='word_1_226' title='bbox 1181 3303 1382 3375; x_wconf 78' lang='lat' dir='ltr'>alias&#39;edbu‘-</span> 
     </span>
     <span class='ocr_line' id='line_1_28' title="bbox 236 3420 1383 3511; baseline 0 -22"><span class='ocrx_word' id='word_1_227' title='bbox 236 3440 327 3504; x_wconf 90' lang='lat' dir='ltr'>mus,</span> <span class='ocrx_word' id='word_1_228' title='bbox 353 3421 406 3490; x_wconf 91' lang='lat' dir='ltr'>bic</span> <span class='ocrx_word' id='word_1_229' title='bbox 424 3422 539 3491; x_wconf 89' lang='lat' dir='ltr'>iterum</span> <span class='ocrx_word' id='word_1_230' title='bbox 564 3423 752 3510; x_wconf 87' lang='lat' dir='ltr'>repetimus,</span> <span class='ocrx_word' id='word_1_231' title='bbox 781 3424 813 3491; x_wconf 90' lang='lat' dir='ltr'>in</span> <span class='ocrx_word' id='word_1_232' title='bbox 834 3428 898 3492; x_wconf 91' lang='lat' dir='ltr'>tam</span> <span class='ocrx_word' id='word_1_233' title='bbox 924 3424 1014 3511; x_wconf 84' lang='lat' dir='ltr'>graui</span> <span class='ocrx_word' id='word_1_234' title='bbox 1039 3422 1158 3492; x_wconf 86' lang='lat' dir='ltr'>scilicet</span> <span class='ocrx_word' id='word_1_235' title='bbox 1181 3440 1218 3490; x_wconf 94' lang='lat' dir='ltr'>ao</span> <span class='ocrx_word' id='word_1_236' title='bbox 1240 3420 1383 3491; x_wconf 90' lang='lat' dir='ltr'>luctuosa</span> 
     </span>
     <span class='ocr_line' id='line_1_29' title="bbox 235 3536 1384 3628; baseline -0.001 -23"><span class='ocrx_word' id='word_1_237' title='bbox 235 3540 435 3626; x_wconf 86' lang='lat' dir='ltr'>tempestate,</span> <span class='ocrx_word' id='word_1_238' title='bbox 461 3556 524 3628; x_wconf 89' lang='lat' dir='ltr'>qua</span> <span class='ocrx_word' id='word_1_239' title='bbox 547 3538 714 3607; x_wconf 86' lang='lat' dir='ltr'>universus</span> <span class='ocrx_word' id='word_1_240' title='bbox 739 3539 803 3606; x_wconf 88' lang='lat' dir='ltr'>fere</span> <span class='ocrx_word' id='word_1_241' title='bbox 824 3545 977 3608; x_wconf 91' lang='lat' dir='ltr'>terrarum</span> <span class='ocrx_word' id='word_1_242' title='bbox 993 3536 1079 3607; x_wconf 89' lang='lat' dir='ltr'>orbis</span> <span class='ocrx_word' id='word_1_243' title='bbox 1104 3543 1262 3626; x_wconf 90' lang='lat' dir='ltr'>tantopere</span> <span class='ocrx_word' id='word_1_244' title='bbox 1284 3540 1384 3605; x_wconf 89' lang='lat' dir='ltr'>iaeta-</span> 
     </span>
     <span class='ocr_line' id='line_1_30' title="bbox 235 3649 1379 3749; baseline -0.001 -31"><span class='ocrx_word' id='word_1_245' title='bbox 235 3655 302 3732; x_wconf 92' lang='lat' dir='ltr'>tur,</span> <span class='ocrx_word' id='word_1_246' title='bbox 320 3649 380 3720; x_wconf 86' lang='lat' dir='ltr'>Dei</span> <span class='ocrx_word' id='word_1_247' title='bbox 395 3671 521 3721; x_wconf 87' lang='lat' dir='ltr'>manum</span> <span class='ocrx_word' id='word_1_248' title='bbox 538 3671 608 3721; x_wconf 89' lang='lat' dir='ltr'>esse</span> <span class='ocrx_word' id='word_1_249' title='bbox 624 3650 879 3739; x_wconf 82' lang='lat' dir='ltr'>agnoscendam,</span> <span class='ocrx_word' id='word_1_250' title='bbox 892 3652 1034 3749; x_wconf 85' lang='lat' dir='ltr'>Eiusque</span> <span class='ocrx_word' id='word_1_251' title='bbox 1049 3673 1156 3723; x_wconf 87' lang='lat' dir='ltr'>rocem</span> <span class='ocrx_word' id='word_1_252' title='bbox 1173 3650 1379 3732; x_wconf 90' lang='lat' dir='ltr'>audiendam,</span> 
     </span>
     <span class='ocr_line' id='line_1_31' title="bbox 230 3765 1382 3859; baseline -0.004 -24"><span class='ocrx_word' id='word_1_253' title='bbox 230 3769 288 3855; x_wconf 88' lang='lat' dir='ltr'>qui</span> <span class='ocrx_word' id='word_1_254' title='bbox 304 3765 464 3835; x_wconf 89' lang='lat' dir='ltr'>&#39;eiusmodi</span> <span class='ocrx_word' id='word_1_255' title='bbox 480 3765 613 3853; x_wconf 84' lang='lat' dir='ltr'>flagellis</span> <span class='ocrx_word' id='word_1_256' title='bbox 630 3765 795 3837; x_wconf 83' lang='lat' dir='ltr'>&#39;bominum</span> <span class='ocrx_word' id='word_1_257' title='bbox 812 3774 939 3857; x_wconf 88' lang='lat' dir='ltr'>peccata</span> <span class='ocrx_word' id='word_1_258' title='bbox 958 3775 989 3838; x_wconf 93' lang='lat' dir='ltr'>et</span> <span class='ocrx_word' id='word_1_259' title='bbox 1006 3771 1184 3859; x_wconf 85' lang='lat' dir='ltr'>iniquitates</span> <span class='ocrx_word' id='word_1_260' title='bbox 1204 3766 1313 3854; x_wconf 92' lang='lat' dir='ltr'>punire</span> <span class='ocrx_word' id='word_1_261' title='bbox 1329 3767 1382 3832; x_wconf 83' lang='lat' dir='ltr'>so‘-</span> 
     </span>
     <span class='ocr_line' id='line_1_32' title="bbox 233 3876 1382 3969; baseline -0.002 -22"><span class='ocrx_word' id='word_1_262' title='bbox 233 3876 293 3964; x_wconf 88' lang='lat' dir='ltr'>let,</span> <span class='ocrx_word' id='word_1_263' title='bbox 318 3887 353 3949; x_wconf 89' lang='lat' dir='ltr'>ut</span> <span class='ocrx_word' id='word_1_264' title='bbox 372 3882 434 3969; x_wconf 91' lang='lat' dir='ltr'>ipsi</span> <span class='ocrx_word' id='word_1_265' title='bbox 449 3878 490 3949; x_wconf 87' lang='lat' dir='ltr'>ad</span> <span class='ocrx_word' id='word_1_266' title='bbox 505 3883 640 3950; x_wconf 88' lang='lat' dir='ltr'>iustitiae</span> <span class='ocrx_word' id='word_1_267' title='bbox 656 3885 784 3952; x_wconf 91' lang='lat' dir='ltr'>semitas</span> <span class='ocrx_word' id='word_1_268' title='bbox 807 3882 910 3952; x_wconf 91' lang='lat' dir='ltr'>redire</span> <span class='ocrx_word' id='word_1_269' title='bbox 925 3884 1081 3953; x_wconf 88' lang='lat' dir='ltr'>festinent.</span> <span class='ocrx_word' id='word_1_270' title='bbox 1109 3880 1197 3949; x_wconf 88' lang='lat' dir='ltr'>Hauc</span> <span class='ocrx_word' id='word_1_271' title='bbox 1212 3879 1308 3967; x_wconf 81' lang='lat' dir='ltr'>igitur</span> <span class='ocrx_word' id='word_1_272' title='bbox 1323 3881 1382 3946; x_wconf 84' lang='lat' dir='ltr'>ro-</span> 
     </span>
     <span class='ocr_line' id='line_1_33' title="bbox 232 3994 1381 4086; baseline -0.003 -21"><span class='ocrx_word' id='word_1_273' title='bbox 232 4013 301 4065; x_wconf 83' lang='lat' dir='ltr'>cem</span> <span class='ocrx_word' id='word_1_274' title='bbox 324 3995 454 4073; x_wconf 89' lang='lat' dir='ltr'>audiant</span> <span class='ocrx_word' id='word_1_275' title='bbox 478 3999 532 4086; x_wconf 94' lang='lat' dir='ltr'>qui</span> <span class='ocrx_word' id='word_1_276' title='bbox 556 4004 738 4066; x_wconf 86' lang='lat' dir='ltr'>erraverunt</span> <span class='ocrx_word' id='word_1_277' title='bbox 762 4018 782 4067; x_wconf 91' lang='lat' dir='ltr'>a</span> <span class='ocrx_word' id='word_1_278' title='bbox 807 4001 955 4080; x_wconf 82' lang='lat' dir='ltr'>ueritate,</span> <span class='ocrx_word' id='word_1_279' title='bbox 983 4003 1015 4066; x_wconf 93' lang='lat' dir='ltr'>et</span> <span class='ocrx_word' id='word_1_280' title='bbox 1037 3994 1286 4084; x_wconf 82' lang='lat' dir='ltr'>derelinquentes</span> <span class='ocrx_word' id='word_1_281' title='bbox 1310 3994 1381 4062; x_wconf 88' lang='lat' dir='ltr'>rias</span> 
     </span>
     <span class='ocr_line' id='line_1_34' title="bbox 231 4107 1382 4202; baseline 0 -23"><span class='ocrx_word' id='word_1_282' title='bbox 231 4129 309 4180; x_wconf 90' lang='lat' dir='ltr'>suas</span> <span class='ocrx_word' id='word_1_283' title='bbox 334 4116 554 4181; x_wconf 85' lang='lat' dir='ltr'>convertantur</span> <span class='ocrx_word' id='word_1_284' title='bbox 570 4111 611 4181; x_wconf 91' lang='lat' dir='ltr'>ad</span> <span class='ocrx_word' id='word_1_285' title='bbox 626 4111 814 4198; x_wconf 86' lang='lat' dir='ltr'>Dominum;</span> <span class='ocrx_word' id='word_1_286' title='bbox 841 4112 969 4182; x_wconf 87' lang='lat' dir='ltr'>audiant</span> <span class='ocrx_word' id='word_1_287' title='bbox 992 4114 1085 4182; x_wconf 91' lang='lat' dir='ltr'>etiam</span> <span class='ocrx_word' id='word_1_288' title='bbox 1104 4110 1169 4194; x_wconf 91' lang='lat' dir='ltr'>illi,</span> <span class='ocrx_word' id='word_1_289' title='bbox 1197 4113 1252 4202; x_wconf 90' lang='lat' dir='ltr'>qui</span> <span class='ocrx_word' id='word_1_290' title='bbox 1272 4111 1306 4180; x_wconf 91' lang='lat' dir='ltr'>in</span> <span class='ocrx_word' id='word_1_291' title='bbox 1320 4107 1382 4179; x_wconf 88' lang='lat' dir='ltr'>boc</span> 
     </span>
     <span class='ocr_line' id='line_1_35' title="bbox 232 4223 1378 4319; baseline -0.001 -25"><span class='ocrx_word' id='word_1_292' title='bbox 232 4228 416 4295; x_wconf 89' lang='lat' dir='ltr'>tristissimo</span> <span class='ocrx_word' id='word_1_293' title='bbox 442 4236 547 4296; x_wconf 84' lang='lat' dir='ltr'>rerum</span> <span class='ocrx_word' id='word_1_294' title='bbox 572 4233 660 4297; x_wconf 89' lang='lat' dir='ltr'>statu&#39;</span> <span class='ocrx_word' id='word_1_295' title='bbox 682 4231 784 4317; x_wconf 85' lang='lat' dir='ltr'>magis</span> <span class='ocrx_word' id='word_1_296' title='bbox 810 4228 848 4298; x_wconf 93' lang='lat' dir='ltr'>de</span> <span class='ocrx_word' id='word_1_297' title='bbox 873 4229 1003 4319; x_wconf 86' lang='lat' dir='ltr'>privatis</span> <span class='ocrx_word' id='word_1_298' title='bbox 1027 4229 1161 4318; x_wconf 85' lang='lat' dir='ltr'>&#39;propriis</span> <span class='ocrx_word' id='word_1_299' title='bbox 1187 4223 1378 4306; x_wconf 88' lang='lat' dir='ltr'>commodis,</span> 
     </span>
     <span class='ocr_line' id='line_1_36' title="bbox 228 4339 1383 4436; baseline -0.003 -25"><span class='ocrx_word' id='word_1_300' title='bbox 228 4359 329 4432; x_wconf 89' lang='lat' dir='ltr'>quam</span> <span class='ocrx_word' id='word_1_301' title='bbox 354 4341 394 4412; x_wconf 91' lang='lat' dir='ltr'>de</span> <span class='ocrx_word' id='word_1_302' title='bbox 417 4341 578 4415; x_wconf 86' lang='lat' dir='ltr'>Ecclesiae</span> <span class='ocrx_word' id='word_1_303' title='bbox 594 4343 691 4426; x_wconf 90' lang='lat' dir='ltr'>bono,</span> <span class='ocrx_word' id='word_1_304' title='bbox 718 4350 749 4414; x_wconf 93' lang='lat' dir='ltr'>et</span> <span class='ocrx_word' id='word_1_305' title='bbox 772 4346 819 4414; x_wconf 89' lang='lat' dir='ltr'>rei</span> <span class='ocrx_word' id='word_1_306' title='bbox 840 4342 1007 4415; x_wconf 90' lang='lat' dir='ltr'>oatbolioae</span> <span class='ocrx_word' id='word_1_307' title='bbox 1029 4347 1232 4436; x_wconf 87' lang='lat' dir='ltr'>prosperitate</span> <span class='ocrx_word' id='word_1_308' title='bbox 1255 4339 1383 4412; x_wconf 86' lang='lat' dir='ltr'>solliciti</span> 
     </span>
    </p>
   </div>
   <div class='ocr_carea' id='block_1_3' title="bbox 0 0 1623 5182">
    <p class='ocr_par' dir='ltr' id='par_1_4' title="bbox 0 0 1623 5182">
     <span class='ocr_line' id='line_1_37' title="bbox 0 0 1623 5182; baseline 0 0"><span class='ocrx_word' id='word_1_309' title='bbox 0 0 1623 5182; x_wconf 95' lang='lat' dir='ltr'> </span> 
     </span>
    </p>
   </div>
  </div>
 </body>
</html>
