3232 5182
505 304 710 374 duornuams
728 303 828 374 18t6.
874 322 876 326 ·
1192 308 1235 379 17

66 426 69 433 ¹
87 449 264 524 visceribus
277 447 394 520 Christi
409 447 492 532 lesu,
508 447 590 515 omui
607 447 728 528 affectu,
748 445 889 529 consilio,
906 466 999 537 opera
1009 448 1129 531 iuuare,
1142 454 1235 541 atquc

87 587 151 639 una
165 564 337 635 Vobiscum
353 565 385 630 iu
402 561 460 629 Dei
477 560 608 649 gloriam
624 567 655 629 et
671 559 854 630 catholicam
872 562 965 631 fidem
984 563 1145 649 tuendam,
1164 587 1237 656 pro·
1269 542 1276 555 ⁹

87 680 270 774 pagaudam
286 684 345 747 toto
362 683 486 765 pectore
502 675 693 757 incumbere,
714 683 745 746 et
766 679 886 747 animas
913 678 1017 749 salvas
1043 681 1155 763 tacere,
1181 703 1237 772 pro

90 797 214 889 quihus
226 797 319 863 uitam
335 795 448 882 ipsam,
468 794 496 861 si
512 812 589 882 opus
606 793 708 871 tuerit,
729 793 914 882 profundere
931 798 1028 884 parati
1044 800 1165 879 s'umus,
1184 816 1238 868 ve-

92 915 171 995 nite,
195 910 328 990 Fratres,
356 907 559 988 obtestamur,
586 915 616 977 et
641 905 853 989 obsecramus,
873 912 975 979 renite
992 931 1104 999 magno
1121 913 1235 995 auimo,

90 1045 266 1117 magnaque
282 1024 398 1094 fiducia
413 1023 454 1093 ad
470 1023 549 1092 hauc
564 1023 742 1092 Beatissimi
764 1022 980 1113 Apostolorum
1006 1025 1160 1116 Principis
1183 1025 1238 1096 Se·

92 1142 176 1224 dem,
194 1140 370 1212 Catholicae
381 1140 507 1210 unitatis
520 1144 671 1219 centrum,
687 1145 781 1228 atqua
793 1138 999 1229 Episcopatus
1011 1144 1144 1229 apicem,
1155 1141 1239 1212 unde

92 1261 162 1350 ipse
177 1256 407 1346 Episcopatus,
435 1273 472 1324 ac
494 1261 556 1323 tota
580 1252 722 1322 eiusdem
747 1257 882 1324 nominis
908 1259 1073 1325 auctoritas
1099 1259 1235 1338 emersit,

92 1375 197 1443 uenite
213 1371 254 1441 ad
270 1371 333 1441 Nos
349 1372 602 1460 quotiescumque
617 1368 759 1450 Nostrae,
787 1375 818 1438 et
839 1369 979 1438 eiusdem
996 1369 1087 1439 Sedis
1104 1373 1238 1441 auotori-

95 1489 170 1558 tatis
186 1506 258 1577 ope,
277 1486 402 1566 auxilio,
422 1483 578 1574 praesidio
593 1482 655 1552 llos
671 1482 812 1572 indigere
827 1487 987 1554 noveritis.
1030 1554 1036 1565 ,

139 1603 178 1675 ln
193 1623 262 1672 eam
274 1622 368 1691 porro
384 1621 474 1690 spem
490 1602 640 1688 erigimur
656 1601 731 1682 fore,
749 1607 784 1670 ut
800 1599 962 1671 Carissimi
978 1602 1011 1670 iu
1026 1598 1148 1671 Christo
1169 1600 1239 1672 Filii

93 1715 202 1795 Nostri
216 1716 281 1785 Viri
296 1717 456 1806 Principes
474 1737 530 1805 pro
554 1735 660 1784 eorum
681 1717 809 1805 pietate,
836 1720 865 1784 el
891 1715 1041 1804 religione
1066 1718 1098 1784 in
1123 1735 1241 1786 memo.-

93 1832 176 1900 riam
192 1838 368 1901 revocantes
385 1830 507 1921 rapiam
522 1837 705 1922 patestatem
721 1829 781 1897 sr'hr'
795 1850 857 1899 uon
877 1829 977 1899 solam
1002 1830 1045 1899 ad
1067 1831 1177 1900 mandi
1189 1852 1242 1900 re-

95 1946 208 2037 qimea,
227 1945 286 2015 scd
298 1944 433 2014 manime
450 1944 494 2013 ad
510 1944 673 2014 Ecclesiae
686 1942 881 2036 praesidium
897 1965 963 2014 esse
989 1943 1134 2013 collatam
1154 1944 1182 2028 1,
1210 1951 1240 2015 et

96 2058 160 2131 Nos
176 2083 245 2130 eam
260 2060 425 2131 Ecclesiae
444 2081 582 2142 cuasam,
607 2068 670 2129 tara
689 2081 797 2129 aarum
818 2060 911 2151 requi
930 2081 1036 2152 opere,
1062 2067 1091 2129 ct
1112 2060 1233 2144 salotis,

99 2182 136 2246 ert
153 2176 385 2267 prouinciarum
407 2198 534 2246 sacram
554 2175 657 2267 quieta
681 2175 750 2245 lare
773 2175 935 2266 potlarrtar
953 2177 992 2259 2,
1022 2176 1236 2248 communibus

97 2292 216 2359 uostris
241 2293 334 2372 uotis,
362 2292 509 2375 consiliis,
538 2292 650 2362 studiis
671 2313 728 2361 sua
753 2313 811 2382 ope
835 2299 865 2362 et
893 2290 1076 2362 auctoritate
1104 2295 1237 2376 faueant,
1343 2294 1380 2379 ᾗ

99 2410 195 2496 atque
219 2407 318 2495 ipsius
339 2404 498 2476 Ecclesiae
514 2407 690 2476 libertatem
706 2407 1008 2498 incolumitatemque
1034 2407 1188 2492 defendat,
1206 2411 1241 2475 ut

98 2528 130 2592 et
152 2519 274 2590 Christi
289 2519 416 2591 docere
435 2542 538 2592 carram
554 2521 744 2613 defendatur
761 2522 924 2612 imperium
943 2523 971 2588 3.

144 2633 234 2720 Quae
248 2638 352 2704 omnia
368 2643 401 2705 ut
415 2656 572 2727 prospere,
592 2637 785 2727 feliciterque
811 2657 849 2705 ex
870 2639 1023 2707 sententia
1055 2637 1233 2719 succedant,

94 2750 247 2825 adeamus
262 2771 332 2821 cum
349 2751 473 2834 fiducia,
490 2751 693 2823 venerabiles
710 2753 847 2835 Fratres,
878 2753 918 2822 ad
943 2753 1088 2824 thronum
1105 2757 1236 2843 gratiae,

96 2872 189 2960 alque
203 2869 366 2938 unanimes
382 2871 415 2937 iu
432 2866 603 2938 humilitate
620 2868 723 2938 cordis
740 2871 838 2939 nostri
862 2870 987 2940 Patrem
1012 2870 1241 2940 misericordia-

96 3004 168 3055 rum
183 2990 214 3053 et
228 2982 331 3052 Deum
348 2987 441 3054 totius
457 2983 675 3054 consolationis
700 2988 800 3054 enixis
823 2986 968 3075 precihus
989 2988 1056 3055 sine
1082 2987 1240 3052 intermis-

98 3099 185 3170 sione
201 3096 413 3181 obsecremus,
432 3105 468 3168 ut
483 3118 540 3188 per
555 3102 667 3168 merita
683 3098 840 3189 Unigeniti
857 3099 926 3167 Filii
951 3101 1003 3167 'sui
1029 3098 1241 3167 infirmitatem

98 3220 237 3284 nostram
252 3216 392 3284 omnium
408 3212 589 3283 caelestium
606 3214 835 3286 charismatum
851 3215 940 3304 copia
956 3213 1114 3282 cumulare
1131 3211 1240 3302 digne-

98 3335 164 3413 tur,
182 3336 271 3421 atque
287 3332 487 3420 omnipotenti
503 3350 561 3400 sua
576 3333 692 3401 uirtute
712 3339 867 3422 expugnet
883 3334 1102 3420 impugnantes
1125 3350 1193 3413 uos,
1212 3337 1244 3400 et

101 3441 222 3534 ubique
236 3453 345 3534 augeat
361 3446 466 3529 tidem,
485 3449 645 3536 pietatem,
664 3447 871 3531 devotionem,
891 3466 1012 3538 pacem,
1031 3467 1088 3536 pro
1104 3446 1245 3516 Ecclesia

101 3577 166 3629 sua
182 3566 297 3644 sancta,
314 3563 457 3631 omnihus
474 3561 716 3634 adversitatibus
732 3570 763 3633 et
778 3562 937 3634 erroribus
953 3564 1076 3654 penitus
1101 3561 1243 3644 sublatis,
1349 3601 1352 3608 =

100 3676 296 3765 optatissima
310 3677 533 3768 tranquillitate
549 3679 679 3762 truatur,
699 3699 736 3748 ac
751 3679 805 3749 tint
821 3700 916 3749 unum
942 3679 1023 3749 ovile
1047 3685 1077 3747 et
1092 3695 1172 3745 uuus
1188 3694 1244 3764 pa·

97 3782 182 3860 stor'.
203 3788 240 3860 Ul
254 3776 356 3862 autem
372 3791 632 3877 clementissimus
661 3793 812 3863 Dominus
835 3794 957 3863 facilius
982 3792 1108 3862 inclinet
1134 3808 1243 3859 aurem

96 3924 193 3979 mam
209 3907 242 3976 iu
267 3927 379 3998 preces
395 3915 517 3978 nostras
544 3906 585 3979 et'
600 3910 715 3979 nostris
741 3914 857 3978 annuat
883 3909 977 3990 rotis,
1005 3904 1247 3996 deprecatricem

141 4192 161 4252 1·
178 4189 209 4251 S.
225 4190 283 4251 Lea
296 4192 386 4267 Epist.
396 4191 460 4252 tib.
476 4191 545 4251 alias
558 4191 621 4253 reb.
635 4191 672 4252 ad
686 4192 809 4252 Leonem
821 4193 988 4266 Augustum.

140 4292 161 4353 2
183 4289 212 4349 S.
228 4290 287 4350 Leo
300 4291 389 4365 Epist.
403 4291 449 4352 ts.
470 4290 539 4352 alias
554 4291 599 4351 tt.
613 4293 650 4352 ad
664 4290 852 4352 Theodosium
865 4290 1031 4366 Augustum.

141 4389 160 4449 3
183 4388 265 4449 idem
282 4389 353 4451 ibid.

1005 4483 1026 4556 2
