3232 5182
499 717 836 802 ALLOCUTIO

228 991 347 1045 danila
371 991 406 1046 IN
428 989 633 1046 doltslsnoato
659 990 794 1044 sudando
820 992 875 1045 DIE
901 992 933 1044 IV
960 992 1112 1048 duronius

509 1115 588 1167 ANNI
614 1113 819 1168 undddxnvlt.

623 1370 723 1390 w

477 1574 692 1644 Vnnnnunrnns
721 1572 862 1643 anrnns

139 1831 280 1924 Quisque
295 1839 433 1904 uestrum
452 1831 481 1914 1,
500 1830 701 1900 venerabiles
726 1830 864 1917 Fratres,
883 1833 996 1921 optime
1011 1834 1112 1901 nosoit
1126 1830 1242 1922 quibus

91 1952 278 2041 quantisque
294 1924 420 2019 divinae
445 1953 571 2017 nostrae
596 1948 757 2036 religionis
783 1948 990 2030 documentis,
1014 1948 1245 2018 monumentis-

95 2083 158 2155 que
172 2065 390 2155 Hierosolyma
405 2064 494 2148 urbs,
515 2070 546 2134 et
560 2066 708 2134 univorsa
724 2065 897 2134 Palestinae
916 2066 1004 2153 regio
1016 2063 1193 2133 mirandum
1207 2063 1242 2133 in

95 2172 226 2249 modum
241 2179 377 2268 undique
393 2178 577 2268 refulgeant,
596 2177 651 2247 uli
665 2187 695 2248 et
711 2179 793 2248 uisui
807 2186 837 2248 et
855 2179 951 2249 tootur'
965 2200 1001 2247 oe
1016 2186 1079 2248 toto
1094 2179 1242 2270 ingerunt

95 2280 257 2363 dumooo‘e
276 2301 471 2363 sacramento
486 2293 597 2363 sotoo's
616 2295 644 2362 2.
665 2295 826 2386 Siquidem
841 2296 886 2365 ibi
906 2295 1092 2385 Unigenitus
1114 2294 1172 2362 Dei
1188 2293 1243 2363 Fi-

90 2401 161 2478 lius
177 2405 320 2478 Christus
334 2407 421 2478 lesus
435 2408 587 2479 Dominus
603 2410 714 2479 Noster
730 2417 854 2499 propter
870 2412 1009 2491 nimiam,
1038 2429 1100 2498 qua
1120 2427 1176 2477 nos
1192 2405 1244 2477 di-

96 2520 195 2606 lenit,
219 2525 381 2593 oaritatem
406 2506 591 2621 obumbrata
605 2524 786 2594 Divinitatis
809 2543 885 2593 suae
912 2525 1071 2592 maiestate
1093 2522 1239 2594 servilem
1280 2522 1286 2531 ’

95 2637 233 2708 formam
255 2637 379 2707 indutus
402 2645 433 2708 et
446 2641 478 2709 in
501 2640 734 2710 similitudinem
758 2639 917 2708 hominum
942 2640 1041 2709 laetus
1067 2659 1106 2708 ex
1127 2642 1242 2737 intaota

94 2751 249 2824 Dauidica
266 2753 394 2842 Virgine
408 2757 507 2838 nasei,
527 2759 683 2846 vitamque
699 2775 789 2825 suam
804 2775 911 2844 agere,
923 2776 961 2825 ao
977 2775 1092 2844 magna
1107 2758 1244 2828 miraeu—

93 2866 129 2939 la
143 2870 266 2959 operari
282 2868 330 2936 est
346 2867 504 2955 dignatus,
523 2869 664 2938 tribuens
681 2870 896 2959 peooaloribus
912 2871 1169 2952 miseridordiam
1189 2890 1245 2940 ao-

96 2985 164 3074 gris
178 2982 322 3066 salutem,
341 2982 518 3054 errantibus
544 2985 718 3068 veritatem,
742 2986 844 3054 oaeois
856 2984 968 3069 lucem,
986 2987 1115 3053 mortuis
1131 2986 1240 3053 vitam.

98 3098 148 3173 lbi
170 3100 212 3170 ad
236 3104 417 3172 universum
441 3100 612 3171 humanum
636 3121 735 3190 genus
751 3122 770 3172 a
786 3104 903 3193 peooati
930 3103 1003 3188 iugo
1028 3106 1059 3169 et
1085 3100 1244 3170 daemonis

65 3234 71 3243 ·
97 3220 276 3308 captivitate
294 3216 513 3287 vindicandum
529 3219 747 3287 saevissimam
775 3221 962 3308 passionem,
991 3215 1247 3288 aoerbissimam-

94 3350 162 3424 que
177 3336 277 3403 eruois
294 3339 425 3404 mortem
441 3336 588 3404 sustinuit
615 3335 795 3404 confusione
821 3342 1017 3426 contempta„
1035 3354 1073 3405 ao
1093 3340 1163 3424 post
1189 3333 1248 3415 tri-

99 3445 200 3516 duum
216 3446 351 3517 deuictos
366 3449 474 3518 mortis
489 3447 599 3540 spoliis
615 3456 743 3519 onustus
764 3447 794 3533 3,
823 3448 929 3520 diuina
953 3470 1011 3520 sua
1032 3452 1169 3540 potentia
1196 3467 1248 3520 ro-

92 3563 237 3634 surrexit
243 3588 252 3645 ;
270 3561 313 3632 ibi
328 3564 536 3655 quadraginta
558 3565 681 3636 dierum
706 3567 806 3656 spatio
823 3569 949 3656 saepius
965 3586 1122 3657 apparens
1145 3566 1247 3635 disei-

90 3677 181 3770 nulis
196 3681 273 3763 suis,
301 3699 338 3750 ao
364 3679 494 3770 loquens
519 3680 559 3750 do
577 3701 677 3770 regno
702 3680 771 3766 Dei,
804 3689 968 3773 postquam
988 3681 1058 3751 illos
1086 3677 1247 3750 inrideat

93 3794 228 3864 nodulo
242 3793 414 3879 roboravit,
430 3797 537 3886 eisque
552 3798 721 3887 praecepit,
736 3802 771 3867 ut
786 3804 895 3868 euntes
907 3800 939 3867 in
953 3794 1106 3873 mundum
1121 3795 1249 3865 univer·

92 3928 172 3982 sum
186 3910 404 4002 praedicarent
419 3912 616 4001 euangelium
631 3915 715 3985 omni
731 3920 904 3999 oreaturae,
922 3931 959 3982 ao
979 3911 1125 3983 donarent
1139 3928 1248 3986 serta·

140 4197 159 4256 1
181 4196 242 4255 Huc
253 4196 378 4271 refertar
393 4197 554 4274 Propositio
569 4199 613 4259 63.

142 4294 165 4355 2
184 4294 214 4355 S.
228 4295 287 4355 Leo
298 4296 387 4371 Epist.
402 4296 438 4356 ad
451 4297 576 4358 luvenal.
590 4298 683 4375 Enisa.
697 4298 909 4377 Hierosolymit.

143 4392 165 4451 a
184 4391 213 4455 S.
226 4394 324 4456 Anset.
339 4394 427 4458 serm.
442 4397 488 4458 di.
503 4398 540 4459 do
553 4396 672 4463 iasolrat
765 4454 770 4459 .
