3232 5182
344 604 637 686 EPISTOLA
671 604 997 688 ENCYCLICA

101 880 148 934 nu
164 877 269 933 onnus
284 876 520 947 nnmrunonns,
540 847 716 947 narrares,
736 877 1000 934 nncnmmsaoeos
1016 880 1055 933 nn
1070 878 1238 937 nereuoeos

368 1003 424 1056 nm
440 1003 474 1055 rx
489 999 672 1055 uornunnrs
689 1000 768 1055 uum
785 1002 975 1057 unuoumrr.
992 973 994 977 ’

623 1220 722 1238 ἡ

487 1419 702 1490 Vnnnnnnrnns
725 1419 864 1491 Faernus

321 1649 467 1720 Salutem
483 1655 513 1718 et
528 1648 738 1740 Apostoliccor
754 1649 1018 1722 Benedictiooern.

48 1970 51 1975 .
145 1878 206 1964 Qui
230 1879 370 1971 pluribus
390 1879 406 1937 1
432 1881 496 1949 iam
520 1877 634 1949 abhinc
652 1882 742 1949 annis
758 1899 820 1950 una
835 1879 1024 1963 Vobiscum,
1043 1879 1244 1951 Venerabiles

97 1994 239 2077 Fratres,
263 1993 442 2084 episcopale
456 2013 570 2063 munus
584 1993 708 2083 plenum
723 1993 860 2079 laboris,
885 1995 1012 2085 plenum
1029 1994 1244 2067 sollicitudinis

96 2129 159 2200 pro
170 2108 290 2178 uiribus
306 2109 406 2191 obire,
423 2128 460 2177 ao
476 2107 630 2205 Dominici
645 2113 752 2198 gregis
767 2116 887 2200 partem
904 2130 998 2180 curae
1014 2111 1143 2180 Nostrae
1158 2131 1245 2182 com-

97 2224 232 2294 missam
247 2243 375 2313 pascere
390 2222 565 2293 nitebamur
581 2226 612 2293 in
627 2224 783 2294 montibus
799 2224 914 2310 lsrael,
931 2227 963 2295 in
980 2228 1056 2295 riris
1073 2232 1104 2295 et
1118 2227 1244 2315 pascuis

98 2336 288 2420 uberrimis,
309 2358 380 2410 eece
395 2339 435 2409 ob
450 2346 581 2409 mortem
596 2339 762 2410 clarissimi
778 2340 1031 2410 Praedecessoris
1047 2341 1152 2410 Nostri
1167 2341 1246 2410 Gre-

98 2455 183 2543 gorii
207 2453 299 2536 lllll,
326 2455 414 2524 cuius
439 2461 521 2525 certe
545 2457 750 2536 memoriam,
779 2461 883 2544 atque'
896 2455 1029 2524 illustria
1053 2462 1084 2523 et
1108 2455 1244 2542 gloriosa

100 2571 187 2638 facta
207 2570 310 2638 aureis
326 2571 406 2638 notis
425 2572 573 2660 inscripta
598 2572 629 2639 in
646 2568 808 2639 Ecclesiae
822 2570 910 2639 fastis
935 2589 1059 2660 semper
1075 2569 1246 2641 admirabi-

99 2689 156 2755 rur
178 2687 359 2772 posteritas,
388 2692 510 2775 praeter
525 2705 648 2754 omnem
663 2687 860 2775 opinionem,
888 2687 1169 2777 cogitationemque
1183 2685 1246 2758 No-

99 2802 218 2881 stram,
241 2818 355 2869 arcano
369 2799 495 2869 diuinae
510 2799 726 2870 Providentiae
741 2800 886 2884 consilio,
908 2800 949 2870 ad
965 2800 1127 2871 Summum
1142 2801 1246 2872 Ponti·

99 2912 227 2982 ficatum
251 2933 312 2984 non
329 2916 397 2984 sine
416 2916 555 2983 maxima
574 2916 670 2983 animi
686 2914 789 2984 Nostri
806 2914 1037 3004 perturbatione
1057 2935 1094 2984 ac
1111 2915 1247 3004 trepida·

96 3028 187 3099 tione
212 3031 310 3098 erecti
334 3031 462 3100 fuimus.
489 3028 615 3099 Etenim
639 3031 668 3099 si
684 3049 808 3120 semper
824 3049 921 3117 grave
945 3029 1113 3098 admodum
1137 3035 1168 3099 et
1192 3049 1247 3120 pe-

101 3142 275 3214 riculosum
289 3143 458 3234 Apostoliei
474 3145 638 3214 ministerii
659 3164 737 3214 onus
761 3146 871 3214 merito
896 3150 943 3215 est
968 3143 1128 3227 habitum,
1156 3151 1247 3237 atque

100 3255 294 3341 habendum,
313 3257 399 3328 bisce
414 3253 540 3350 quidem
557 3259 746 3329 difficillimis
762 3258 949 3329 christianae
964 3259 1155 3349 reipublicae
1170 3265 1248 3330 tenr-

102 3371 236 3460 poribus
261 3373 312 3441 rel
336 3376 471 3444 maxime
498 3374 738 3445 formidandum.
769 3373 877 3464 ltaque
903 3375 1091 3445 infirmitatis
1119 3373 1249 3447 Nostrae

101 3484 209 3576 probe
223 3491 356 3573 conscii,
379 3494 410 3559 et
427 3491 614 3577 gravissima
630 3491 767 3580 supremi
783 3489 981 3578 Apostolatus
996 3490 1099 3560 officia
1117 3492 1249 3562 intanta

95 3606 291 3692 praesertim
305 3624 410 3675 rerum
426 3604 642 3675 uicissitudine
658 3604 908 3689 considerantes,
936 3606 1079 3674 tristitiae
1103 3612 1134 3675 et
1158 3606 1251 3678 lacri-

102 3720 170 3788 mis
193 3718 255 3788 Nos
279 3720 371 3810 plane
388 3719 644 3804 tradidissemus,
673 3723 735 3791 nisi
757 3739 880 3790 omnem
896 3739 985 3810 spem
1010 3737 1194 3808 poneremus
1216 3721 1250 3792 in

100 3830 174 3905 Deo
190 3833 318 3905 salutari
332 3835 460 3919 Nostro,
486 3837 541 3926 qni
559 3855 729 3926 numquam
745 3835 931 3925 derelinquit
953 3836 1115 3921 sperantes
1136 3833 1169 3901 in
1184 3831 1249 3919 llo,

99 3951 239 4041 quiquo,
265 3956 300 4022 ut
314 3953 469 4041 potentiae
484 3971 560 4022 suae
574 3953 722 4024 uirtutem
737 3949 895 4032 ostendat,
919 3946 960 4018 ad
976 3966 1066 4017 suam
1081 3948 1253 4037 regendam

157 4217 174 4275 1
188 4215 253 4276 Noe
270 4218 428 4294 relocatur
444 4218 652 4294 Propoaittooes
671 4218 689 4277 4
709 4247 745 4262 -
764 4215 831 4276 b·-
854 4215 872 4275 i
890 4215 958 4277 -i
973 4247 1009 4260 -
1020 4215 1056 4276 lli
1071 4245 1105 4258 ·-
1119 4214 1154 4276 to
1170 4247 1205 4259 -
1216 4214 1251 4276 63

100 4313 206 4375 -lb
958 4332 961 4337 ·
