3232 5182
423 892 426 896 ,
495 800 835 883 ALLOCUTIO

226 1074 346 1129 fldem
364 1074 398 1129 IN
415 1072 608 1129 constsrouo
625 1073 763 1127 SEGRETO
779 1075 834 1128 DIE
850 1074 919 1129 XVII
937 1075 1113 1132 DECEMBRIS

522 1197 599 1252 tutti
616 1198 818 1252 dccccxivu.

617 1456 715 1473 -ῄ

477 1654 692 1727 Vnuumnuns
708 1654 846 1728 Faernus

136 1887 197 1959 Ubi
214 1891 348 1978 primum
366 1891 382 1949 1
399 1888 493 1959 nullis
510 1894 593 1959 certe
608 1889 730 1959 Nostris
742 1892 875 1973 meritis,
895 1890 951 1959 sed
967 1891 1160 1962 inscrutabili
1175 1892 1235 1965 Dei

29 1990 35 2001 ’
89 2003 254 2075 iudiciuin
270 2005 329 2074 hac
344 2005 499 2094 Principis
515 2003 734 2093 Apostolorum
751 2003 904 2074 cathedra
915 2005 1054 2076 collocati
1067 2006 1235 2077 catholicae

89 2117 254 2189 Ecclesiae
270 2118 479 2207 gubernacula
493 2117 653 2188 tractanda
668 2121 876 2208 suscepimus,
895 2120 1089 2209 Apostolicae
1105 2124 1236 2193 Nostrae

90 2233 310 2306 sollicitudinis
338 2255 427 2304 curas
453 2237 486 2305 in
513 2233 700 2324 Hispaniam
724 2238 945 2322 convertimus
973 2237 1234 2327 quemadmodum

40 2342 45 2349 ’
90 2353 213 2441 optime
228 2352 367 2435 noscitis,
383 2349 583 2420 Venerabiles
599 2350 735 2419 Fratres.
763 2349 845 2420 Hine
871 2353 979 2421 intimo
1003 2353 1108 2422 Nostri
1131 2352 1234 2422 cordis

88 2464 200 2536 dolore
216 2463 445 2535 considerantes
458 2466 645 2554 grauissima
661 2464 786 2546 (lamna,
805 2464 918 2560 quilius
935 2464 976 2534 ob
1001 2467 1105 2534 tristes
1129 2485 1234 2536 rerum
1311 2531 1315 2539 .

87 2579 327 2651 vicissitudines
341 2600 454 2670 magna
467 2579 520 2650 illa
535 2587 566 2651 el
581 2581 697 2670 inclyta
710 2580 866 2649 Dominici
879 2582 985 2670 gregis
999 2583 1099 2671 portio
1112 2601 1234 2672 preme·

87 2694 195 2778 batur,
215 2696 342 2766 divitem
357 2698 390 2767 in
405 2695 620 2766 misericordia
636 2695 736 2765 Deum
752 2695 889 2765 assiduis
906 2698 1066 2787 eninisqne
1088 2697 1235 2788 precibus

86 2810 247 2883 humiliter
258 2810 427 2882 obsecrare
438 2830 608 2903 numquam
621 2811 809 2894 destitimus,
827 2819 862 2882 ut
874 2812 996 2883 asslictis
1008 2813 1071 2883 illis
1083 2812 1235 2886 Ecclesiis

87 2947 178 3019 opem
191 2930 314 3011 1111111,
333 2947 450 3020 easque
462 2948 481 2997 1
492 2930 622 3011 misero,
641 2928 674 2996 in
686 2946 747 3017 quo
760 2927 979 3010 versabantur,
995 2934 1076 2997 statu
1088 2948 1237 2998 11111111

87 3042 280 3133 dignaretur.
299 3044 400 3136 Atque
415 3063 472 3135 pro
488 3043 660 3133 Apostolici
675 3043 779 3114 Nostri
795 3044 962 3113 ministerii
985 3042 1100 3125 debito,
1121 3048 1152 3112 et
1168 3045 1235 3113 sin·

87 3160 189 3251 gulari
204 3167 351 3252 paternae
377 3160 515 3231 caritatis
542 3161 666 3243 affeetu,
696 3179 758 3251 quo
785 3159 939 3230 illustrem
964 3158 1051 3229 illam
1079 3162 1235 3230 nationem

86 3276 318 3367 prosequimur,
337 3275 414 3346 111111
430 3283 515 3348 11111
539 3275 635 3347 Nobis
664 3278 766 3367 potius
792 3277 859 3359 iuit,
889 3295 984 3368 quam
1012 3282 1047 3346 nl
1074 3278 1236 3348 sanctissi-

85 3410 164 3462 mae
177 3398 300 3462 nostrae
314 3391 485 3481 Religionis
500 3395 625 3482 negotia
649 3391 694 3462 ibi
720 3412 905 3482 componere
926 3391 1137 3463 studeremus.
1156 3389 1235 3462 Cum

84 3512 197 3579 autem
218 3506 312 3577 1111111
334 3507 557 3580 recordationis
581 3508 750 3600 Gregorius
772 3508 845 3579 11111
868 3508 1095 3578 Praedeeessor
1122 3507 1235 3578 Noster

82 3624 258 3712 incepisset
269 3625 334 3693 suis
345 3626 500 3725 instruere
511 3624 724 3695 Pastoralibus
736 3623 900 3695 nonnullas
912 3623 995 3695 illius
1005 3622 1105 3710 Regni
1120 3619 1235 3690 Dioca-

79 3756 142 3809 ses
159 3739 191 3807 in
204 3737 324 3810 dissitis
339 3744 556 3810 transmarinis
572 3739 753 3831 regionibus
770 3744 859 3823 sitas,
879 3742 911 3809 in
927 3739 961 3809 id
976 3737 1148 3828 peculiares
1171 3735 1234 3805 No·

79 3858 169 3923 sires
195 3873 288 3925 ouras
316 3856 527 3939 intendimus,
556 3862 591 3927 ut
618 3857 690 3927 aliis
718 3855 859 3947 pluribus
888 3857 988 3943 ipsius
1003 3851 1103 3938 Regni
1119 3868 1234 3921 uacau-

78 3967 171 4041 tibus
187 3970 341 4042 Ecclesiis
358 3974 574 4044 incontinenti
591 3976 686 4044 eliam
702 3975 814 4068 positis
842 3990 939 4041 nouos
967 3967 1143 4039 valeremus
1159 3965 1235 4037 dare

75 4084 249 4159 Antistites
266 4108 305 4160 eo
319 4109 449 4161 munere
465 4090 591 4181 dignos,
606 4096 698 4182 atque
710 4093 754 4161 ita
765 4089 916 4180 perficere
928 4084 1011 4179 quod
1022 4083 1106 4157 idem
1118 4083 1234 4156 Deces-

120 4336 140 4399 1
163 4336 363 4441 Hoerefertcr
374 4338 537 4413 Propoeltio
551 4338 594 4399 to.
