3232 5182
657 323 699 394 bd
715 342 833 392 avarus
851 322 951 391 1849.
1333 327 1374 395 att

229 466 433 542 venerabiles
452 465 596 547 Fratres,
623 484 663 534 ne
689 466 929 534 intermittamus
958 463 1024 533 dies
1049 469 1218 556 noctesque
1240 467 1375 539 assiduis

230 585 423 679 iervidisque
438 581 585 672 precibus
601 579 729 650 divitem
744 582 777 649 in
794 578 1009 648 misericordia
1024 578 1124 649 Deum
1135 580 1292 652 humIliter
1304 605 1374 656 ora-

230 722 267 773 re
283 706 321 795 el
332 698 512 782 obsecrare,
531 702 565 765 ut
581 714 638 784 per
651 697 765 764 merita
779 693 939 783 Unigeniti
954 693 1025 764 Filii
1040 697 1090 764 sui
1106 699 1304 787 omnipotenti
1318 721 1377 771 sua

233 816 363 887 dextera
377 812 551 884 Ecclesiam
567 831 658 880 suam
674 816 851 879 sanctama
874 811 980 893 tantis,
1009 810 1123 901 quibas
1143 814 1284 897 iactatur,
1303 835 1375 905 pro-

234 930 321 1003 ocllis
337 930 466 1029 eripiat,
492 935 587 1018 utque
604 925 728 995 divinae
745 944 820 994 suae
837 926 957 1013 gratiae
972 923 1088 994 lumine
1104 928 1241 996 omnium
1269 949 1376 1000 errau-

233 1049 314 1118 tium
329 1049 447 1114 mentes
463 1022 608 1123 'illusam
628 1042 692 1110 et
683 1059 715 1110 rn
743 1038 938 1109 multitudine
959 1040 1189 1111 misericordiae
1214 1062 1289 1112 suae
1310 1065 1377 1113 om-
1467 1022 1478 1047 “

232 1163 320 1232 nium
335 1158 612 1250 praevaricantium
629 1153 725 1225 corda
740 1161 907 1245 expugnet,
926 1174 987 1244 quo
1003 1158 1122 1225 cunctis
1134 1136 1250 1247 ubique
1262 1161 1375 1229 errori-

231 1276 294 1348 bus
319 1273 458 1366 depulsis
481 1273 661 1362 cunctisque
688 1272 798 1340 amotis
827 1269 1079 1353 adversitatibus,
1106 1291 1214 1341 omnes
1237 1274 1376 1342 veritalis

233 1398 265 1462 et
280 1392 417 1461 iustitiae
432 1388 534 1458 lucem
549 1387 736 1478 adspiciam,
755 1388 935 1475 agnoscant,
955 1393 1045 1477 atque
1058 1389 1243 1458 occurrant
1234 1408 1267 1457 ιιι
1278 1389 1379 1458 unita-

233 1514 297 1580 tem
313 1505 399 1589 lidei,
419 1511 450 1575 et
465 1505 633 1595 agnitionis
649 1501 775 1579 Domini
789 1501 892 1572 Nostri
908 1501 980 1572 lesu
996 1500 1121 1573 Christi.
1141 1502 1241 1593 Atque
1265 1503 1305 1575 ab
1328 1503 1379 1594 lp-

236 1643 288 1710 so,
308 1625 362 1712 qui
378 1622 450 1691 facil
465 1639 580 1711 pacem
590 1621 623 1689 in
640 1616 837 1700 sublimibus,
857 1618 971 1707 quique
987 1624 1035 1687 est
1050 1639 1110 1708 pax
1124 1624 1242 1703 nostra,
1261 1619 1380 1711 suppli-

189 1802 194 1809 .
237 1739 317 1809 ciler
331 1739 424 1808 etiam
447 1754 616 1826 exposcere
642 1752 812 1823 numquam
839 1732 1030 1818 desinamus,
1057 1740 1090 1804 ut
1114 1733 1204 1804 malis
1220 1734 1377 1822 omnibus,

235 1851 350 1945 quibus
367 1851 534 1921 christiana
550 1846 729 1940 respublica
752 1854 893 1931 vexatur,
920 1852 1042 1940 penitus
1064 1848 1194 1933 avulsis,
1222 1853 1379 1940 optatissi-

233 1990 317 2040 mam
331 1966 447 2058 ubique
462 1986 585 2057 pacem,
604 1971 635 2036 ct
650 1963 900 2055 tranquillitatem
916 1967 1017 2035 iacere
1032 1964 1119 2035 velit.
1137 1965 1179 2036 Ut
1202 1985 1278 2059 vero
1302 1966 1378 2035 iaci-

236 2085 297 2156 lius
313 2089 428 2153 annuat
442 2081 527 2152 Deus
545 2078 692 2171 precihus
708 2083 825 2150 nostris
842 2081 1060 2169 suffragatores
1085 2080 1169 2170 apud
1183 2077 1266 2150 Eum
1290 2078 1379 2149 adbi-

237 2199 383 2280 boamus,
401 2203 493 2287 atque
506 2199 539 2268 in
564 2198 674 2287 primis
702 2196 935 2266 sanctissimam
961 2195 1191 2268 immaculatam
1218 2196 1379 2285 Virginem

237 2311 385 2395 blariam,
402 2330 482 2401 quaa
495 2310 553 2382 Dei
567 2318 667 2382 mater
682 2316 713 2382 et
728 2316 845 2396 nostra,
864 2330 1004 2402 quaeque
1020 2317 1118 2382 mater
1132 2311 1376 2394 misericordiae,

238 2427 326 2520 quod
341 2429 462 2521 quaerit
476 2429 601 2511 invenit,
629 2433 659 2497 et
683 2424 826 2497 frustrari
851 2447 912 2497 non
936 2433 1048 2517 potest.
1076 2427 1229 2515 Suffragia
1254 2445 1379 2517 quoque

237 2543 444 2633 imploremus
457 2540 543 2612 Beati
556 2541 638 2613 Petri
653 2541 871 2633 Apostolorum
887 2540 1053 2631 Prinpris,
1072 2548 1102 2610 et
1118 2540 1291 2632 (loapostoli
1309 2544 1377 2613 eius

239 2656 342 2740 Pauli,
362 2658 560 2747 omniumque
575 2654 755 2727 Sanctorum
771 2655 926 2738 caelitum,
945 2656 1000 2746 qui
1018 2656 1081 2724 iam
1108 2656 1180 2726 iacti
1207 2657 1299 2727 amici
1319 2655 1380 2727 Dei

240 2775 398 2864 cumipse
415 2759 592 2861 regnant-in
609 2772 715 2855 caelis,
741 2778 775 2842 ut
802 2772 1062 2844 elementissimus
1089 2772 1252 2858 Dominus,
1274 2792 1381 2843 comm

240 2888 516 2961 intervenientibus
532 2891 651 2960 meritis
668 2900 704 2960 ao·
720 2890 878 2981 precibus,
897 2888 1022 2960 fidelem
1038 2889 1185 2981 poprdum
1200 2887 1265 2959 ab
1256 2910 1381 2960 macun-

244 3003 308 3076 diae
323 3026 400 3076 suae
416 3005 590 3077 terroribus
604 3004 727 3089 liberet,
746 3025 932 3097 semperque
946 3011 1101 3097 protegat,
1120 3004 1379 3143 aedivinaesuae

245 3124 467 3215 pmpitiatIonis
483 3121 672 3195 abundantia
686 3122 843 3217 laetificet.
912 3226 917 3234 Ι
1015 3180 1021 3193 .
